@inbook{Norrman_Näslund_Dubrova_2016, 
title={Protecting IMSI and User Privacy in 5G Networks},
booktitle={9th EAI International Conference on Mobile Multimedia Communications,Xi'an,People's Republic of China},
publisher={MOBIMEDIA 2016}, 
author={Norrman and Näslund and Elena}, 
year={2016}
}


@inbook{Ginzboorg_Niemi_2016, 
title={Privacy of the Long-Term Identities in Cellular Networks},
booktitle={9th EAI International Conference on Mobile Multimedia Communications,Xi'an,People's Republic of China},
publisher={MOBIMEDIA}, 
author={Ginzboorg and Niemi}, 
year={2016}
}


@article{schiermeier2010real,
  title={TR 33.821 Rationale and track of security decisions in Long Term Evolved (LTE) RAN / 3GPP System Architecture Evolution (SAE) },
  author={3GPP},
  year={2009},
}

@article{washingtonpost,
  title={https://www.washingtonpost.com/world/national-security/researchers-try-to-pull-back-curtain-on-surveillance-efforts-in-washington/2014/09/17/f8c1f590-3e81-11e4-b03f-de718edeb92f_story.html},
  author={Washingtonpost},
  year={2014},
}

@inbook{ravi, 
title={Practical Attacks Against Privacy and Availability in 4G/LTE Mobile Communication Systems},
booktitle={},
publisher={NDSS}, 
author={Shaik and Borgaonkar and Asokan and Niemi and Seifert}, 
year={2016}
}
