@misc{TR33821,
  author = {3GPP},
  title = {{3GPP TR} 33.821},
  howpublished    = "\url{https://portal.3gpp.org/desktopmodules/Specifications/SpecificationDetails.aspx?specificationId=2311}",
  publisher    = {3GPP},
  pages	       = {},
  year         = {2009},
}


@misc{3gpp_intro,
  author = {3GPP},
  title = {{A}bout {3GPP} {H}ome [cited Jan, 2017]},
  howpublished    = "\url{http://www.3gpp.org/about-3gpp/about-3gpp}",
  publisher    = {3GPP},
  pages	       = {},
  year         = {2017},
}


@misc{NGMN_white_paper,
  author = {NGMN},
  title = {{NGMN 5G} {W}hite {P}aper},
  howpublished    = "\url{https://www.ngmn.org/uploads/media/NGMN_5G_White_Paper_V1_0.pdf}",
  publisher    = {NGMN},
  pages	       = {},
  year         = {},
}


@misc{TR33899,
  author = {3GPP},
  title = {{3GPP TR} 33.899},
  howpublished    = "\url{https://portal.3gpp.org/desktopmodules/Specifications/SpecificationDetails.aspx?specificationId=3045}",
  publisher    = {3GPP},
  pages	       = {},
  year         = {2016},
}


@misc{TS23003,
  author = {3GPP},
  title = {{3GPP TS} 23.003},
  howpublished    = "\url{https://portal.3gpp.org/desktopmodules/Specifications/SpecificationDetails.aspx?specificationId=729}",
  publisher    = {3GPP},
  pages	       = {},
  year         = {},
}



@misc{TR21905,
  title={{3GPP TR} 21.905},
  author={3GPP},
  Howpublished = "\url{https://portal.3gpp.org/desktopmodules/Specifications/SpecificationDetails.aspx?specificationId=558}",
  year={},
  month={},
  publisher={},
}

@misc{RFC6507,
  author = {},
  title = {{RFC} 6507 {C}ategory: {I}nformational},
  howpublished    = "\url{https://tools.ietf.org/html/rfc6507}",
  publisher    = {},
  pages	       = {},
  year         = {},
}

@misc{RFC6508,
  author = {},
  title = {{RFC} 6508 {C}ategory: {I}nformational},
  howpublished    = "\url{https://tools.ietf.org/html/rfc6508}",
  publisher    = {},
  pages	       = {},
  year         = {},
}

@misc{TS33106,
  author = {3GPP},
  title = {{3GPP TS} 33.106},
  howpublished    = "\url{https://portal.3gpp.org/desktopmodules/Specifications/SpecificationDetails.aspx?specificationId=2265}",
  publisher    = {3GPP},
  pages	       = {},
  year         = {},
}

@misc{TS33107,
  author = {3GPP},
  title = {{3GPP TS} 33.107},
  howpublished    = "\url{https://portal.3gpp.org/desktopmodules/Specifications/SpecificationDetails.aspx?specificationId=2266}",
  publisher    = {3GPP},
  pages	       = {},
  year         = {},
}

@inproceedings{IBE_shamir,
  author = {Shamir, Adi},
  title = {Identity-Based Cryptosystems and Signature Schemes},
  booktitle    = {Advances in Cryptology: Proceedings of CRYPTO 84},
  publisher    = {Springer Berlin Heidelberg},
  pages	       = "47-53",
  year         = {1985},
}


@inproceedings{IBE_boneh_franklin,
  author = {Boneh, Dan and Franklin, Matthew},
  title = {Identity-Based Encryption from the Weil Pairing},
  booktitle    = {Advances in Cryptology CRYPTO 2001: 21st Annual International Cryptology Conference, 2001 Proceedings},
  publisher    = {Springer Berlin Heidelberg},
  pages	       = "213-219",
  year         = {2001},
}


@inproceedings{IBE_clifford,
 author = {Cocks, Clifford},
 title = {An Identity Based Encryption Scheme Based on Quadratic Residues},
 booktitle = {Proceedings of the 8th IMA International Conference on Cryptography and Coding},
 year = {2001},
 pages = {360--363},
 publisher = {Springer-Verlag},
 address = {London, UK, UK},
}

@inproceedings{pseudonym_ericsson,
 author = {Norrman, Karl and N\"{a}slund, Mats and Dubrova, Elena},
 title = {{P}rotecting {IMSI} and {U}ser {P}rivacy in {5G} {N}etworks},
 booktitle = {Proceedings of the 9th EAI International Conference on Mobile Multimedia Communications},
 series = {MobiMedia '16},
 year = {2016},
 pages = {159--166},
 publisher = {ICST},
} 

@inproceedings{pseudonym_valtteri_philip,
 author = {Ginzboorg, Philip and Niemi, Valtteri},
 title = {Privacy of the Long-term Identities in Cellular Networks},
 booktitle = {Proceedings of the 9th EAI International Conference on Mobile Multimedia Communications},
 series = {MobiMedia '16},
 year = {2016},
 pages = {167--175},
 publisher = {ICST},
} 


@inproceedings{CCS15,
 author = {van den Broek, Fabian and Verdult, Roel and de Ruiter, Joeri},
 title = {{D}efeating {IMSI} {C}atchers},
 booktitle = {Proceedings of the 22Nd ACM SIGSAC Conference on Computer and Communications Security},
 series = {CCS '15},
 year = {2015},
 pages = {340--351},
 publisher = {ACM},
} 


@inproceedings{SSR15,
 author = {Khan, Mohammed Shafiul Alam and Mitchell, Chris J.},
 title = {{I}mproving {A}ir {I}nterface {U}ser {P}rivacy in {M}obile {T}elephony},
 booktitle = {Second International Conference, SSR 2015, Proceedings},
 year = {2015},
 pages = {165--184},
 publisher = {Springer International Publishing},
}


@INPROCEEDINGS{koienibe, 
author={G. M. KâŠ˜ien}, 
booktitle={2013 IEEE 9th International Conference on Wireless and Mobile Computing, Networking and Communications (WiMob)}, 
title={Privacy enhanced mutual authentication in LTE}, 
year={2013}, 
pages={614-621}, 
keywords={Long Term Evolution;data privacy;home networks;message authentication;public key cryptography;telecommunication security;telecommunication signalling;E-UTRAN system;EPS AV;EPS authentication vector;HPLMN;IBE;LTE-LTE-Advanced systems;M-TMSI;PKG;VPLMN;dummy identity;encrypted IMSI tracking;encrypted identity information element;home network;identity privacy;identity-based encryption;mobile nation code;mobile network code;online 3-way security context;privacy enhanced mutual authentication;private key generator;signalling mechanisms;user equipment identity;visited network}, 
doi={10.1109/WiMOB.2013.6673421}, 
ISSN={2160-4886}, 
month={Oct},}

@ARTICLE{IEE_transactions_mobile_computing_2014, 
author={H. J. Jo and J. H. Paik and D. H. Lee}, 
journal={IEEE Transactions on Mobile Computing}, 
title={Efficient Privacy-Preserving Authentication in Wireless Mobile Networks}, 
year={2014}, 
volume={13}, 
number={7}, 
pages={1469-1481}, 
keywords={cryptographic protocols;mobile radio;telecommunication security;Canetti-Krawczyk model;SIM card;authentication efficiency;communication efficiency;home servers;location privacy;privacy-preserving authentication;pseudo-identity-based signcryption scheme;revocation;secure authentication;signcryption algorithm;storage capacity;subscriber identification module;three-round anonymous roaming protocol;wireless mobile networks;wireless network services;Authentication;Mobile computing;Privacy;Protocols;Roaming;Servers;Algorithm/protocol design and analysis;Anonymity;Canetti-Krawczyk (CK) model;Network Protocols;Network-level security and protection;authentication;privacy;revocation;secure roaming}, 
doi={10.1109/TMC.2013.134}, 
ISSN={1536-1233}, 
month={July},}
