@Booklet{Gil:02,
  author       = {Joseph (Yossi) Gil},
  TITLE        = {{\LaTeXe} for Graduate Students},
  year         = {2002},
  howpublished = {manuscript},
  address      = {Haifa, Israel},
}

@inproceedings{IBM_Japan_2001,
  author =       {Akashi Satoh and Sumio Morioka and Kohji Takano and Seiji Munetoh},
  title =        {A Compact Rijndael Hardware Architecture with S-Box Optimization},
  booktitle =    {Advances in Cryptology — ASIACRYPT 2001},
  volume =       {2248},
  pages =        {239--254},
  year =         {2001}
} 

@inproceedings{IBM_India_IIT_2001,
  author =       {Atri Rudra and Pradeep K. Dubey and Charanjit S. Jutla and Vijay Kumar and Josyula R. Rao and Pankaj Rohatgi},
  title =        {Efficient Rijndael Encryption Implementation with Composite Field Arithmetic},
  booktitle =    {Cryptographic Hardware and Embedded Systems — CHES 2001, Lecture Notes in Computer Science},
  volume =       {2162},
  pages =        {171--184},
  year =         {2001}
} 



@inproceedings{IME_China_Tsinghua_Univerisity_2009,
  author =       {Qingfu Cao and Shuguo Li},
  title =        {A high-throughput cost-effective ASIC implementation of the AES Algorithm},
  booktitle =    {2009 IEEE 8th International Conference on ASIC},
  doi =          {10.1109/ASICON.2009.5351572},
  year =         {2009}
} 

@inproceedings{IIT_Kharagpur_2007,
  author =       {Qingfu Cao and Shuguo Li},
  title =        {An Area Optimized Reconfigurable Encryptor for AES-Rijndael},
  booktitle =    {2007 Design, Automation and Test in Europe Conference and Exhibition},
  doi =          {10.1109/DATE.2007.364444},
  year =         {2007}
} 



@inproceedings{Taiwan_2006,
  author =       {Yu-Jung Huang and Yang-Shih Lin and Kuang-Yu Hung and Kuo-Chen Lin},
  title =        {Efficient Implementation of AES IP},
  booktitle =    {APCCAS 2006 - 2006 IEEE Asia Pacific Conference on Circuits and Systems},
  doi =          {10.1109/APCCAS.2006.342467},
  year =         {2006}
} 

@inproceedings{Ruhr_2009,
  author =       {Sebastian Hessel and David Szczesny and Nils Lohmann and Attila Bilgic and Josef Hausner},
  title =        {Implementation and Benchmarking of Hardware Accelerators for Ciphering in LTE Terminals},
  booktitle =    {Global Telecommunications Conference, 2009. GLOBECOM 2009. IEEE},
  doi =          {10.1109/GLOCOM.2009.5426313},
  year =         {2009}
} 

@inproceedings{Ruhr_2011,
  author =       {Shadi Traboulsi and Mohamad Sbeiti and David Szczesny and Anas Showk and Attila Bilgic},
  title =        {High-performance and energy-efficient sliced AES multi-block encryption for LTE mobile devices},
  booktitle =    {Communication Software and Networks (ICCSN), 2011 IEEE 3rd International Conference on},
  doi =          {10.1109/ICCSN.2011.6014927},
  year =         {2011}
}

@inproceedings{Pune_2012,
  author =       {P. V. Sriniwas Shastry and Amruta Kulkarni and Mukul S. Sutaone},
  title =        {ASIC implementation of AESn},
  booktitle =    {2012 Annual IEEE India Conference (INDICON)},
  doi =          {10.1109/INDCON.2012.6420811},
  year =         {2012}
}

@inproceedings{IIS_Ruhr_2009,
  author =       {David Szczesny and Anas Showk and Sebastian Hessel and Attila Bilgic and Uwe Hildebrand,Valerio Frascolla},
  title =        {Performance analysis of {LTE} protocol processing on an {ARM} based mobile platform},
  booktitle =    {System-on-Chip, 2009. SOC 2009. International Symposium on},
  doi =          {10.1109/SOCC.2009.5335678},
  year =         {2009}
}



@inproceedings{KTH_2014,
  author =       {Mohammad Badawi and Ahmed Hemani and Zhonghai Lu},
  title =        {Customizable coarse-grained energy-efficient reconfigurable packet processing architecture},
  booktitle =    {2014 IEEE 25th International Conference on Application-Specific Systems, Architectures and Processors},
  doi =          {10.1109/ASAP.2014.6868627},
  year =         {2014}
}


@inproceedings{IIS_Ruhr_2010,
  author =       {Sebastian Hessel and David Szczesny and Felix Bruns and Attila Bilgic and Josef Hausner},
  title =        {Architectural {A}nalysis of a Smart {DMA} {C}ontroller for {P}rotocol {S}tack {A}cceleration in {LTE} {T}erminals},
  booktitle =    {Vehicular Technology Conference Fall (VTC 2010-Fall), 2010 IEEE 72nd},
  doi =          {10.1109/VETECF.2010.5594536},
  year =         {2010}
}

