@inproceedings{TR33821,
  author = {3GPP},
  title = {{3GPP TR} 33.821, 9.0.0},
  booktitle    = {https://portal.3gpp.org/\\desktopmodules/Specifications/SpecificationDetails.aspx?specificationId=2311},
  publisher    = {3GPP},
  pages	       = {},
  year         = {2009},
}


@inproceedings{3gpp_intro,
  author = {3GPP},
  title = {{A}bout {3GPP} {H}ome [cited Jan, 2017]},
  booktitle    = {http://www.3gpp.org/about-3gpp/about-3gpp},
  publisher    = {3GPP},
  pages	       = {},
  year         = {2017},
}

@inproceedings{NGMN_white_paper,
  author = {NGMN},
  title = {{NGMN 5G} {W}hite {P}aper},
  booktitle    = {https://www.ngmn.org/uploads/\\media/NGMN\_5G\_White\_Paper\_V1\_0.pdf},
  publisher    = {NGMN},
  pages	       = {},
  year         = {},
}


@inproceedings{TR33899,
  author = {3GPP},
  title = {{3GPP TR} 33.899, 1.1.0},
  booktitle    = {https://portal.3gpp.org/\\desktopmodules/Specifications/SpecificationDetails.aspx?specificationId=3045},
  publisher    = {3GPP},
  pages	       = {},
  year         = {2016},
}


@inproceedings{TS23003,
  author = {3GPP},
  title = {{3GPP TS} 23.003, 14.2.0},
  booktitle    = {https://portal.3gpp.org/\\desktopmodules/Specifications/SpecificationDetails.aspx?specificationId=729},
  publisher    = {3GPP},
  pages	       = {},
  year         = {},
}


@inproceedings{TR21905,
  author = {3GPP},
  title = {{3GPP TR} 21.905},
  booktitle    = {https://portal.3gpp.org/desktopmodules/\\Specifications/SpecificationDetails.aspx?specificationId=558},
  publisher    = {3GPP},
  pages	       = {},
  year         = {},
}

@inproceedings{RFC6507,
  author = {},
  title = {{RFC} 6507 {C}ategory: {I}nformational},
  booktitle    = {https://tools.ietf.org/html/rfc6507},
  publisher    = {},
  pages	       = {},
  year         = {},
}

@inproceedings{RFC6508,
  author = {},
  title = {{RFC} 6508 {C}ategory: {I}nformational},
  booktitle    = {https://tools.ietf.org/html/rfc6508},
  publisher    = {},
  pages	       = {},
  year         = {},
}

@inproceedings{TS33106,
  author = {3GPP},
  title = {{3GPP TS} 33.106},
  booktitle    = {https://portal.3gpp.org/desktopmodules/\\Specifications/SpecificationDetails.aspx?specificationId=2265},
  publisher    = {3GPP},
  pages	       = {},
  year         = {},
}

@inproceedings{TS33107,
  author = {3GPP},
  title = {{3GPP TS} 33.107},
  booktitle    = {https://portal.3gpp.org/desktopmodules/\\Specifications/SpecificationDetails.aspx?specificationId=2266},
  publisher    = {3GPP},
  pages	       = {},
  year         = {},
}

@inproceedings{IBE_shamir,
  author = {Shamir, Adi},
  title = {Identity-Based Cryptosystems and Signature Schemes},
  booktitle    = {Advances in Cryptology: Proceedings of CRYPTO 84},
  publisher    = {Springer Berlin Heidelberg},
  pages	       = "47-53",
  year         = {1985},
}


@inproceedings{IBE_boneh_franklin,
  author = {Boneh, Dan and Franklin, Matthew},
  title = {Identity-Based Encryption from the Weil Pairing},
  booktitle    = {Advances in Cryptology CRYPTO 2001: 21st Annual International Cryptology Conference, 2001 Proceedings},
  publisher    = {Springer Berlin Heidelberg},
  pages	       = "213-219",
  year         = {2001},
}


@inproceedings{IBE_clifford,
 author = {Cocks, Clifford},
 title = {An Identity Based Encryption Scheme Based on Quadratic Residues},
 booktitle = {Proceedings of the 8th IMA International Conference on Cryptography and Coding},
 year = {2001},
 pages = {360--363},
 publisher = {Springer-Verlag},
 address = {London, UK, UK},
}

@inproceedings{pseudonym_ericsson,
 author = {Norrman, Karl and N\"{a}slund, Mats and Dubrova, Elena},
 title = {{P}rotecting {IMSI} and {U}ser {P}rivacy in {5G} {N}etworks},
 booktitle = {Proceedings of the 9th EAI International Conference on Mobile Multimedia Communications},
 series = {MobiMedia '16},
 year = {2016},
 pages = {159--166},
 publisher = {ICST},
} 

@inproceedings{pseudonym_valtteri_philip,
 author = {Ginzboorg, Philip and Niemi, Valtteri},
 title = {Privacy of the Long-term Identities in Cellular Networks},
 booktitle = {Proceedings of the 9th EAI International Conference on Mobile Multimedia Communications},
 series = {MobiMedia '16},
 year = {2016},
 pages = {167--175},
 publisher = {ICST},
} 


@inproceedings{CCS15,
 author = {van den Broek, Fabian and Verdult, Roel and de Ruiter, Joeri},
 title = {{D}efeating {IMSI} {C}atchers},
 booktitle = {Proceedings of the 22Nd ACM SIGSAC Conference on Computer and Communications Security},
 series = {CCS '15},
 year = {2015},
 pages = {340--351},
 publisher = {ACM},
} 


@inproceedings{SSR15,
 author = {Khan, Mohammed Shafiul Alam and Mitchell, Chris J.},
 title = {{I}mproving {A}ir {I}nterface {U}ser {P}rivacy in {M}obile {T}elephony},
 booktitle = {Second International Conference, SSR 2015, Proceedings},
 year = {2015},
 pages = {165--184},
 publisher = {Springer International Publishing},
}



