@inbook{Norrman_Naslund_Dubrova_2016, 
title={Protecting IMSI and User Privacy in 5G Networks},
booktitle={9th EAI International Conference on Mobile Multimedia Communications,Xi'an,People's Republic of China},
publisher={ }, 
author={Norrman and NÃ¤slund and Elena}, 
year={MOBIMEDIA'16}
}


@inbook{Ginzboorg_Niemi_2016, 
title={Privacy of the Long-Term Identities in Cellular Networks},
booktitle={9th EAI International Conference on Mobile Multimedia Communications,Xi'an,People's Republic of China},
publisher={ }, 
author={Ginzboorg and Niemi}, 
year={MOBIMEDIA'16}
}

@inbook{CCS15, 
title={Defeating IMSI Catchers},
booktitle={Proceedings of the 22nd ACM SIGSAC Conference on Computer and Communications Security},
publisher={ }, 
author={Fabian van den Broek, Roel Verdult, Joeri de Ruiter}, 
year={CCS'15}
}

@inbook{SSR15, 
title={Improving Air Interface User Privacy in Mobile Telephony},
booktitle={Security Standardisation Research. Lecture Notes in Computer Science, vol 9497},
publisher={ }, 
author={Khan M.S.A., Mitchell C.J.}, 
year={SSR'15}
}


@article{schiermeier2010real,
  title={TR 33.821 Rationale and track of security decisions in Long Term Evolved (LTE) RAN / 3GPP System Architecture Evolution (SAE) },
  author={3GPP},
  year={2009},
}

@article{washingtonpost,
  title={https://www.washingtonpost.com/world/national-security/researchers-try-to-pull-back-curtain-on-surveillance-efforts-in-washington/2014/09/17/f8c1f590-3e81-11e4-b03f-de718edeb92f_story.html},
  author={Washingtonpost},
  year={2014},
}

@inbook{ravi, 
title={Practical Attacks Against Privacy and Availability in 4G/LTE Mobile Communication Systems},
booktitle={},
publisher={NDSS}, 
author={Shaik and Borgaonkar and Asokan and Niemi and Seifert}, 
year={2016}
}
