@inproceedings{Mobicom95,
 author = {Samfat, Didier and Molva, Refik and Asokan, N.},
 title = {Untraceability in {M}obile {N}etworks},
 booktitle = {Proceedings of the 1st Annual International Conference on Mobile Computing and Networking},
 series = {MobiCom '95},
 year = {1995},
 pages = {26--36},
 publisher = {ACM},
 address = {New York, NY, USA},
}


@inproceedings{pets2017,
 author = {Ney, Peter and Smith, Jan and Cadamuro Gabriel and Kohno Tadayoshi},
 title = {Sea{G}lass: {E}nabling {C}ity-{W}ide {IMSI}-{C}atcher {D}etection},
 booktitle = {Proceedings on Privacy Enhancing Technologies},
 series = {PoPETs},
 year = {2017},
}


@inproceedings{catch_me_if_you_can,
 author = {Dabrowski, Adrian and Pianta, Nicola and Klepp, Thomas and Mulazzani, Martin and Weippl, Edgar},
 title = {IMSI-catch Me if You Can: IMSI-catcher-catchers},
 booktitle = {Proceedings of the 30th Annual Computer Security Applications Conference},
 series = {ACSAC '14},
 year = {2014},
 pages = {246--255},
 publisher = {ACM},
 address = {New York, NY, USA},
} 

3GPP TS 33.401 V15.0.0 (2017-06)


@misc{TS33401,
  title={{3GPP} {TS} 33.401 {V}15.0.0 {S}ecurity architecture ({R}elease 15)},
  author={3GPP},
  howpublished = "\url{https://portal.3gpp.org/desktopmodules/Specifications/SpecificationDetails.aspx?specificationId=2296}",
  year={2017},
  month={June},
  publisher={3GPP},
}

@misc{goldman2007mobile,
  title={Mobile forced premature detonation of improvised explosive devices via wireless phone signaling},
  author={Goldman, Stuart and Krock, Richard and Rauscher, Karl and Runyon, James},
  howpublished = "\url{http://www.google.com/patents/US20070234892}",
  year={2007},
  month={October},
  publisher={Google Patents},
  note={US Patent App. 11/233,198}
}



@MISC{tracking_bins,
   author =       {Miller, Joe},
   title =        {City of London calls halt to smartphone tracking bins},
   editor =       {BBC News},
   month =        {August},
   year =         {2013},
   howpublished = "\url{http://www.bbc.com/news/technology-23665490}",
   note =         {[It was available online at least until 14-July-2017]},
 }


@MISC{chinese_spam,
   author =       {Muncaster, Phil},
   title =        {Chinese cops cuff 1,500 in fake base station spam raid},
   editor =       {The Register},
   month =        {March},
   year =         {2014},
   howpublished = "\url{https://www.theregister.co.uk/2014/03/26/spam_text_china_clampdown_police/}",
   note =         {[It was available online at least until 14-July-2017]},
 }



@MISC{pki_umts_imsi_catcher,
   author =       {PKI Electronic Intelligence},
   title =        {3{G} {UMTS} {IMSI} {C}atcher},
   editor =       {PKI Electronic Intelligence},
   month =        {},
   year =         {},
   howpublished = "\url{http://www.pki-electronic.com/products/interception-and-monitoring-systems/3g-umts-imsi-catcher/}",
   note =         {[It was available online at least until 14-July-2017]},
 }


@MISC{imsi_catcher_report_bochum,
   author =       {Daehyun Strobel},
   title =        {{IMSI} {C}atcher},
   editor =       {PKI Electronic Intelligence},
   month =        {July},
   year =         {2007},
   howpublished = "\url{https://www.emsec.rub.de/media/crypto/attachments/files/2011/04/imsi_catcher.pdf}",
   note =         {[It was available online at least until 14-July-2017]},
 }



@MISC{washingtonpost2014,
   author =       {Ashkan Soltani and Craig Timberg},
   title =        {Tech firm tries to pull back curtain on surveillance efforts in {W}ashington},
   editor =       {The Washington Post},
   month =        {September},
   year =         {2014},
   howpublished = "\url{https://www.washingtonpost.com/world/national-security/researchers-try-to-pull-back-curtain-on-surveillance-efforts-in-washington/2014/09/17/f8c1f590-3e81-11e4-b03f-de718edeb92f_story.html?utm_term=.96e31aa4440b}",
   note =         {[Online; Was available until 14-July-2017]},
}


@inproceedings{wisec17,
title = {Trashing {IMSI} {C}atchers in {M}obile {N}etworks},
author = {Mohammed Khan and Mitchell, {Chris J}},
year = {2017},
month = {May},
booktitle = {Proceedings of the 10th ACM Conference on Security and Privacy in Wireless and Mobile Networks (WiSec 2017), Boston, USA, July 18-20, 2017},
publisher = {Association for Computing Machinery (ACM)},
address = {United States},
}

@inproceedings{yemen2017,
 author = {Muthana, Abdulrahman A. and Saeed, Mamoon M.},
 title = {Analysis of {U}ser {I}dentity {P}rivacy in {LTE} and {P}roposed {S}olution},
 booktitle = {International Journal of Computer Network and Information Security(IJCNIS)},
 year = {2017},
 publisher = {MECS Publisher},
} 


@inproceedings{Norrman_Naslund_Dubrova_2016,
 author = {Norrman, Karl and N\"{a}slund, Mats and Dubrova, Elena},
 title = {{P}rotecting {IMSI} and {U}ser {P}rivacy in {5G} {N}etworks},
 booktitle = {Proceedings of the 9th EAI International Conference on Mobile Multimedia Communications},
 series = {MobiMedia'16},
 year = {2016},
 publisher = {ICST},
} 

@inproceedings{Ginzboorg_Niemi_2016,
 author = {Ginzboorg, Philip and Niemi, Valtteri},
 title = {Privacy of the Long-term Identities in Cellular Networks},
 booktitle = {Proceedings of the 9th EAI International Conference on Mobile Multimedia Communications},
 series = {MobiMedia '16},
 year = {2016},
 publisher = {ICST},
} 


@inproceedings{CCS15,
 author = {Van den Broek, Fabian and Verdult, Roel and de Ruiter, Joeri},
 title = {{D}efeating {IMSI} {C}atchers},
 booktitle = {Proceedings of the 22nd ACM SIGSAC Conference on Computer and Communications Security},
 series = {CCS '15},
 year = {2015},
 publisher = {ACM},
} 


@inproceedings{SSR15,
 author = {Khan, Mohammed Shafiul Alam and Mitchell, Chris J.},
 title = {{I}mproving {A}ir {I}nterface {U}ser {P}rivacy in {M}obile {T}elephony},
 booktitle = {Second International Conference, SSR 2015, Proceedings},
 year = {2015},
 publisher = {Springer International Publishing},
}


@article{schiermeier2010real,
  title={TR 33.821 Rationale and track of security decisions in Long Term Evolved (LTE) RAN / 3GPP System Architecture Evolution (SAE) },
  author={3GPP},
  year={2009},
}

@article{washingtonpost,
  title={https://www.washingtonpost.com/world/national-security/researchers-try-to-pull-back-curtain-on-surveillance-efforts-in-washington/2014/09/17/f8c1f590-3e81-11e4-b03f-de718edeb92f_story.html},
  author={Washingtonpost},
  year={2014},
}


@misc{thesislund,
 author = {Markus Ahlstr\"om and Simon Holmberg},
 title = {Prototype {I}mplementation of a {5G} {G}roup-{B}ased {A}uthentication and {K}ey {A}greement {P}rotocol},
 howpublished = "\url{http://lup.lub.lu.se/luur/download?func=downloadFile&recordOId=8895975&fileOId=8895979}",
 year = {2016}
}


@inbook{ravi, 
title={Practical Attacks Against Privacy and Availability in 4G/LTE Mobile Communication Systems},
booktitle={},
publisher={NDSS}, 
author={Shaik and Borgaonkar and Asokan and Niemi and Seifert}, 
year={2016}
}
